<record xmlns='http://www.loc.gov/MARC21/slim'><leader>01182cim a22003252u 4500</leader><controlfield tag='001'>3600435</controlfield><controlfield tag='005'>20151214182600.0</controlfield><controlfield tag='007'>ss|lmnjluz|nuu</controlfield><controlfield tag='008'>991101s1987    nyunnn         l    eng d</controlfield><datafield ind1=' ' ind2=' ' tag='035'><subfield code='a'>(NIC)notisASF7500</subfield></datafield><datafield ind1=' ' ind2=' ' tag='035'><subfield code='a'>3600435</subfield></datafield><datafield ind1=' ' ind2=' ' tag='035'><subfield code='a'>(OCoLC)63896052</subfield></datafield><datafield ind1=' ' ind2=' ' tag='040'><subfield code='a'>NIC</subfield><subfield code='c'>NIC</subfield><subfield code='d'>NIC</subfield><subfield code='d'>NIC</subfield></datafield><datafield ind1='1' ind2=' ' tag='100'><subfield code='a'>Otto, Christian F.</subfield></datafield><datafield ind1='1' ind2='0' tag='245'><subfield code='a'>Neumann--presence and history</subfield><subfield code='h'>[sound recording]</subfield></datafield><datafield ind1=' ' ind2=' ' tag='260'><subfield code='c'>1987.</subfield></datafield><datafield ind1=' ' ind2=' ' tag='300'><subfield code='a'>1 sound cassette (72 min.) :</subfield><subfield code='b'>analog, mono.</subfield></datafield><datafield ind1=' ' ind2=' ' tag='500'><subfield code='a'>Recorded in Ithaca, NY by Cornell University.</subfield></datafield><datafield ind1=' ' ind2=' ' tag='500'><subfield code='a'>Sponsored by: Architecture, Department of.</subfield></datafield><datafield ind1=' ' ind2=' ' tag='500'><subfield code='a'>Speaker(s): Professor, History of Architecture, Cornell University.</subfield></datafield><datafield ind1=' ' ind2=' ' tag='518'><subfield code='a'>Lecture, November 5, 1987.</subfield></datafield><datafield ind1=' ' ind2=' ' tag='520'><subfield code='a'>Otto traces the history of Neumann&apos;s various architectural endeavors.</subfield></datafield><datafield ind1='1' ind2='0' tag='600'><subfield code='a'>Neumann, Balthasar,</subfield><subfield code='d'>1687-1753.</subfield></datafield><datafield ind1=' ' ind2='0' tag='650'><subfield code='a'>Architecture, Baroque.</subfield></datafield><datafield ind1='1' ind2='7' tag='600'><subfield code='a'>Neumann, Balthasar,</subfield><subfield code='d'>1687-1753</subfield><subfield code='2'>fast</subfield><subfield code='0'>(OCoLC)fst00088477</subfield></datafield><datafield ind1=' ' ind2='7' tag='650'><subfield code='a'>Architecture, Baroque</subfield><subfield code='2'>fast</subfield><subfield code='0'>(OCoLC)fst00813624</subfield></datafield><datafield ind1=' ' ind2='0' tag='830'><subfield code='a'>Preston H. Thomas memorial lectures.</subfield></datafield><datafield ind1='1' ind2=' ' tag='899'><subfield code='a'>CULectures</subfield></datafield><datafield ind1=' ' ind2=' ' tag='905'><subfield code='a'>20000403120000.0</subfield></datafield><datafield ind1='2' ind2=' ' tag='948'><subfield code='a'>20141221</subfield><subfield code='b'>m</subfield><subfield code='d'>batch</subfield><subfield code='e'>lts</subfield><subfield code='x'>addfast</subfield></datafield></record>